
% ================================================
% 論文
% ================================================

@article{ref_tex,
	title={タイトル},
	author={著者},
	journal={雑誌名},
	volume={vol},
	number={no},
	pages={1-5},
	year={2019},
}

@article{horiguchi,
  title={コーヒー生豆の品質基準に関する研究},
  author={堀口 俊英},
  journal={日本食品科学工学会誌},
  volume={68},
  number={8},
  pages={339-346},
  year={2021},
  doi={10.3136/nskkk.68.339}
}

@article{courbariaux2016binaryconnect,
      title={Binary{C}onnect: Training Deep Neural Networks with binary weights during propagations}, 
      author={Matthieu Courbariaux and Yoshua Bengio and Jean-Pierre David},
      year={2016},
      eprint={1511.00363},
      archivePrefix={arXiv},
      primaryClass={cs.LG}
}

@misc{li2022ternary,
      title={Ternary Weight Networks}, 
      author={Fengfu Li and Bin Liu and Xiaoxing Wang and Bo Zhang and Junchi Yan},
      year={2022},
      eprint={1605.04711},
      archivePrefix={arXiv},
      primaryClass={cs.CV}
}

@misc{simonyan2015deep,
      title={Very Deep Convolutional Networks for Large-Scale Image Recognition}, 
      author={Karen Simonyan and Andrew Zisserman},
      year={2015},
      eprint={1409.1556},
      archivePrefix={arXiv},
      primaryClass={cs.CV}
}
% ================================================
% 本
% ================================================

@book{book_tex,
    author = {著者},
    title = {タイトル},
    publisher = {出版社},
    year = {2019},
}
@book{coffeetaizenn,
    author = {田口 護},
    title = {田口 護の珈琲大全},
    publisher = {NHK出版},
    year = {2021},
}
@book{sinsou,
    author = {岡谷 貴之},
    title = {深層学習 改訂第2版},
    publisher = {講談社},
    year = {2022},
}

% ================================================
% URL
% ================================================

@Misc{url_tex_url,
	author = {よかひよかとき},
	title = {LaTeX - コマンド一覧},
	note = "\url{http://www1.kiy.jp/~yoka/LaTeX/latex.html
	}(2017/7/19参照)",
}